@inproceedings{oracle_based_checking_of_untrusted_software,
    author = {Necula, George C. and Rahul, S. P.},
    title = {Oracle-based checking of untrusted software},
    booktitle = {POPL '01: Proceedings of the 28th ACM SIGPLAN-SIGACT symposium on Principles of programming languages},
    year = {2001},
    isbn = {1-58113-336-7},
    pages = {142--154},
    location = {London, United Kingdom},
    doi = {http://doi.acm.org/10.1145/360204.360216},
    publisher = {ACM},
    address = {New York, NY, USA},
}
