@InProceedings{nera2001, 
   Author = {C. Necula, George and Prakash Rahul, Shree},
   Title = {Oracle-based checking of untrusted software},
   BookTitle = {POPL},
   Pages = {142--154},
   Year = {2001}
}

@TechReport{heni2010, 
   Author = {Henglein, Fritz and Nielsen, Lasse},
   Title = {Declarative Coinductive Axiomatization of Regular Expression Containment and its Computational Interpretation (Preliminary Version)},
   Number = {612},
   Institution = {Department of Computer Science, University of Copenhagen (DIKU)},
   Month = {February},
   Year = {2010}
} 

@article{nele1996,
 author = {Necula, George C. and Lee, Peter},
 title = {Safe kernel extensions without run-time checking},
 journal = {SIGOPS Oper. Syst. Rev.},
 volume = {30},
 number = {SI},
 year = {1996},
 issn = {0163-5980},
 pages = {229--243},
 doi = {http://doi.acm.org/10.1145/248155.238781},
 publisher = {ACM},
 address = {New York, NY, USA},
 }

@inproceedings{lisu2000,
 author = {Liefke, Hartmut and Suciu, Dan},
 title = {XMill: an efficient compressor for XML data},
 booktitle = {SIGMOD '00: Proceedings of the 2000 ACM SIGMOD international conference on Management of data},
 year = {2000},
 isbn = {1-58113-217-4},
 pages = {153--164},
 location = {Dallas, Texas, United States},
 doi = {http://doi.acm.org/10.1145/342009.335405},
 publisher = {ACM},
 address = {New York, NY, USA},
 }

@inproceedings{zhlu,
 author = {Zhongyu Lu},
 title = {Building XML applications in science and technology: XML schema for scientific databases},
 address = {University of Huddersfield, Queensgate, West Yorkshire},
}

@inproceedings{gi2000,
  author = {Gilmour, Ronald W.},
  title = {XML Applications in the Sciences},
  publisher = {Science & Technology Libraries},
  pages = {19: 2, 75â€” 89}
}

@book{gu1992,
 author = {Gunter, Carl A.},
 title = {Semantics of programming languages: structures and techniques},
 year = {1992},
 isbn = {0-262-07143-6},
 publisher = {MIT Press},
 address = {Cambridge, MA, USA},
 }

@book{wi1993,
 author = {Winskel, Glynn},
 title = {The formal semantics of programming languages: an introduction},
 year = {1993},
 isbn = {0-262-23169-7},
 publisher = {MIT Press},
 address = {Cambridge, MA, USA},
 }

@book{houl2006,
 author = {Hopcroft, John E. and Motwani, Rajeev and Ullman, Jeffrey D.},
 title = {Introduction to Automata Theory, Languages, and Computation (3rd Edition)},
 year = {2006},
 isbn = {0321455363},
 publisher = {Addison-Wesley Longman Publishing Co., Inc.},
 address = {Boston, MA, USA},
 }

@book{co2001,
 author = {T. Cormen}
 title = {Introduction to algorithms},
 year = {2001},
 isbn = {0-262-03293-7},
 publisher = {MIT Press},
 address = {Cambridge, MA, USA},
 }

@book{w3c2000,
 author = {W3c,},
 title = {Extensible Markup Language (Xml) 1.0 Specifications: From the W3c Recommendations},
 year = {2000},
 isbn = {1583482563},
 publisher = {iUniverse, Incorporated},
 }

@book{wa2001,
 author = {Walmsley, Priscilla},
 title = {Definitive XML Schema},
 year = {2001},
 isbn = {0130655678},
 publisher = {Prentice Hall PTR},
 address = {Upper Saddle River, NJ, USA},
 }

@book{sugost2008,
 author = {O'Sullivan, Bryan and Goerzen, John and Stewart, Don},
 title = {Real World Haskell},
 year = {2008},
 isbn = {0596514980, 9780596514983},
 publisher = {O'Reilly Media, Inc.},
 }

@rfc{dega1996,
 author = {Deutsch, P. and Gailly, J.-L.},
 title = {ZLIB Compressed Data Format Specification version 3.3},
 year = {1996},
 publisher = {RFC Editor},
 address = {United States},
 }

@rfc{de1996,
 author = {Deutsch, P.},
 title = {GZIP file format specification version 4.3},
 year = {1996},
 publisher = {RFC Editor},
 address = {United States},
 }
